<?xml version="1.0" encoding="UTF-8"?><collection xmlns="http://www.loc.gov/MARC21/slim"><record><leader>00404nam--2200133-i-4500</leader><controlfield tag="001">000013612</controlfield><controlfield tag="002">20161230</controlfield><controlfield tag="005">20161230201030</controlfield><controlfield tag="008">060222s1000------------r-----000-0-eng-d</controlfield><datafield ind1=" " ind2=" " tag="245"><subfield code="a">Crystal structure and chemical bonding in inorganic chemistry. proceedings</subfield></datafield><datafield ind1=" " ind2=" " tag="260"><subfield code="a">Amsterdam, North-holland Publ.Co., 1975</subfield></datafield><datafield ind1=" " ind2=" " tag="490"><subfield code="a">X+246p</subfield></datafield><datafield ind1=" " ind2=" " tag="700"><subfield code="a">Rooymans, C.J.M.And Rabenau, A</subfield></datafield><datafield ind1=" " ind2=" " tag="852"><subfield code="a">54.162:538.911(061.3)</subfield></datafield></record></collection>